<record><leader>00000cas a2200000 a 4500</leader><controlfield tag="001">9244157</controlfield><controlfield tag="008">830222d18471862mauwr ne      0    0eng c</controlfield><datafield ind1=" " ind2=" " tag="010"><subfield code="a">sn 83020059 </subfield></datafield><datafield ind1=" " ind2=" " tag="040"><subfield code="a">NPX</subfield><subfield code="b">eng</subfield><subfield code="c">NPX</subfield><subfield code="d">NPU</subfield><subfield code="d">DLC</subfield><subfield code="d">MGN</subfield><subfield code="d">OCL</subfield><subfield code="d">MGN</subfield><subfield code="d">NVF</subfield><subfield code="d">OCL</subfield><subfield code="d">DLC</subfield><subfield code="d">KRTAS</subfield><subfield code="d">DLC</subfield><subfield code="d">OCLCQ</subfield><subfield code="d">NDD</subfield><subfield code="d">OCLCF</subfield><subfield code="d">OCLCA</subfield></datafield><datafield ind1=" " ind2=" " tag="012"><subfield code="b">3</subfield></datafield><datafield ind1=" " ind2=" " tag="019"><subfield code="a">9244357</subfield><subfield code="a">9244578</subfield></datafield><datafield ind1="1" ind2=" " tag="029"><subfield code="a">AU@</subfield><subfield code="b">000020122304</subfield></datafield><datafield ind1=" " ind2=" " tag="042"><subfield code="a">pcc</subfield></datafield><datafield ind1=" " ind2=" " tag="043"><subfield code="a">n-us-ma</subfield></datafield><datafield ind1="0" ind2="0" tag="050"><subfield code="a">Newspaper</subfield></datafield><datafield ind1="0" ind2="4" tag="245"><subfield code="a">The Lawrence courier.</subfield></datafield><datafield ind1="1" ind2=" " tag="246"><subfield code="i">Published as:</subfield><subfield code="a">Lawrence semi-weekly courier</subfield><subfield code="f">July 1, 1853-Feb. 10, 1854</subfield></datafield><datafield ind1=" " ind2=" " tag="260"><subfield code="a">Lawrence, Mass. :</subfield><subfield code="b">J.F.C. Hayes</subfield></datafield><datafield ind1=" " ind2=" " tag="300"><subfield code="a">v.</subfield></datafield><datafield ind1=" " ind2=" " tag="310"><subfield code="a">Weekly,</subfield><subfield code="b">Jan. 7, 1858-1862</subfield></datafield><datafield ind1=" " ind2=" " tag="321"><subfield code="a">Weekly,</subfield><subfield code="b">1847-July 3, 1852</subfield></datafield><datafield ind1=" " ind2=" " tag="321"><subfield code="a">Semiweekly,</subfield><subfield code="b">July 6, 1852-June 27, 1856</subfield></datafield><datafield ind1=" " ind2=" " tag="321"><subfield code="a">Triweekly,</subfield><subfield code="b">July 1, 1856-Dec. 30, 1857</subfield></datafield><datafield ind1="0" ind2=" " tag="362"><subfield code="a">Vol. 1, no. 30 (Apr. 24, 1847)-v. 16, no. 41 (Apr. 17, 1862).</subfield></datafield><datafield ind1=" " ind2=" " tag="525"><subfield code="a">Has supplement: Lawrence courier extra.</subfield></datafield><datafield ind1=" " ind2="0" tag="651"><subfield code="a">Lawrence (Mass.)</subfield><subfield code="v">Newspapers.</subfield></datafield><datafield ind1=" " ind2="7" tag="655"><subfield code="a">Newspapers.</subfield><subfield code="2">fast</subfield><subfield code="0">(OCoLC)fst01423814</subfield></datafield><datafield ind1=" " ind2="7" tag="651"><subfield code="a">Massachusetts</subfield><subfield code="z">Lawrence.</subfield><subfield code="2">fast</subfield><subfield code="0">(OCoLC)fst01204257</subfield></datafield><datafield ind1=" " ind2=" " tag="752"><subfield code="a">United States</subfield><subfield code="b">Massachusetts</subfield><subfield code="c">Essex</subfield><subfield code="d">Lawrence.</subfield></datafield><datafield ind1="0" ind2="0" tag="780"><subfield code="t">Merrimack courier</subfield><subfield code="w">(DLC)sn 83020058</subfield><subfield code="w">(OCoLC)9243685</subfield></datafield><datafield ind1="0" ind2="5" tag="780"><subfield code="t">Home review (Lawrence, Mass.)</subfield><subfield code="w">(DLC)sn 83020062</subfield></datafield><datafield ind1="0" ind2="7" tag="785"><subfield code="t">Lawrence daily journal (Lawrence, Mass.)</subfield><subfield code="w">(DLC)sn 89062349</subfield></datafield><datafield ind1="0" ind2="7" tag="785"><subfield code="t">Daily journal &amp; courier (Lawrence, Mass.)</subfield><subfield code="w">(DLC)sn 83020063</subfield></datafield><datafield ind1=" " ind2=" " tag="938"><subfield code="a">Kirtas Technologies, Inc.</subfield><subfield code="b">KRTS</subfield><subfield code="n">736184</subfield></datafield></record>